@Misc{ CoDA,
	title = "Organization and Reorganization of Multi-Agent Systems",
	howpublished = "\url{http://mainesail.umcs.maine.edu/CoDA/}"
}
